@article{akhade-2011-effec,
  author =	 {Akhade, Sneha A. and Kitchin, John R.},
  title =	 {Effects of Strain, d-Band Filling, and Oxidation State on the
                  Bulk Electronic Structure of Cubic 3d Perovskites},
  journal =	 {The Journal of Chemical Physics},
  volume =	 135,
  number =	 10,
  pages =	 {104702-6},
  year =	 2011,
  url =		 {http://dx.doi.org/10.1063/1.3631948},
  keywords =	 {DESC0004031, early-career, orgmode},
  type =	 {Journal Article},
}


@article{akhade-2012-effec,
  author =	 {Akhade, Sneha and Kitchin, John R.},
  title =	 {Effects of Strain, d-Band Filling, and Oxidation State on the
                  Surface Electronic Structure and Reactivity of 3d Perovskite
                  Surfaces},
  journal =	 {J. Chem. Phys.},
  volume =	 137,
  pages =	 084703,
  year =	 2012,
  doi =		 {10.1063/1.4746117},
  url =
                  {http://scitation.aip.org/content/aip/journal/jcp/137/8/10.1063/1.4746117},
  keywords =	 {DESC0004031, early-career, },
  type =	 {Journal Article},
}


@article{alesi-2010-co2-adsor,
  author =	 {W. Richard Alesi and McMahan Gray and John R. Kitchin},
  title =	 {\ce{CO2} Adsorption on Supported Molecular Amidine Systems on
                  Activated Carbon},
  journal =	 {ChemSusChem},
  volume =	 3,
  number =	 8,
  pages =	 {948-956},
  year =	 2010,
  doi =		 {10.1002/cssc.201000056},
  url =		 {http://dx.doi.org/10.1002/cssc.201000056},
  keywords =	 {RUA, },
}
