@ARTICLE{aruga-1985-struc-iron,
  AUTHOR =       {Aruga, A. and Tokizaki, E. and Nakai, I. and
                  Sugitani, Y.},
  TITLE =        {Structure of Iron Diniobium Hexaoxide,
                  \ce{FeNb_2O_6} - an Example of Metal-Disordered
                  Trirutile Structure},
  JOURNAL =      "Acta Crystallographica Section C-Crystal Structure
                  Communications",
  VOLUME =       {41},
  NUMBER =       {May},
  PAGES =        {663-665},
  YEAR =         1985,
}