 @article{schulte-2012-multi-languag,
  author = "Eric Schulte and Dan Davison and Thomas Dye and
                  Carsten Dominik",
  title = {A multi-language computing environment for literate
                  programming and reproducible research},
  journal = "Journal of Statistical Software",
  volume = 46,
  number = 3,
  pages = "1--24",
  day = 25,
  month = 1,
  year = 2012,
  coden = "JSSOBK",
  issn = "1548-7660",
  bibdate = "2011-10-03",
  url = "http://www.jstatsoft.org/v46/i03",
  accepted = "2011-10-03",
  submitted = "2010-12-22",
}

@article{schulte-2011-activ-docum,
  author = {Schulte, E. and Davison, D.},
  journal = {Computing in Science Engineering},
  title = {Active documents with org-mode},
  year = 2011,
  volume = 13,
  number = 3,
  pages = {66-73},
  keywords = {Org-mode language;active documents;code
                  intermingling;data intermingling;hierarchical
                  documents;plain-text markup language;prose
                  intermingling;document handling;specification
                  languages;},
  doi = {10.1109/MCSE.2011.41},
  issn = {1521-9615},
}

@book{dominik-2010-org-mode,
  author = {Carsten Dominik},
  title = {The Org-Mode 7 Reference Manual: Organize Your Life
                  with GNU Emacs},
  publisher = {Network Theory},
  year = 2010,
  address = {UK},
  note = {with contributions by David O'Toole, Bastien Guerry,
                  Philip Rooke, Dan Davison, Eric Schulte, and Thomas
                  Dye},
}
