@article{conesa-2010-relev-disper,
  author =	 {Conesa, Jose\'{e} C.},
  title =	 {The Relevance of Dispersion Interactions for the
                  Stability of Oxide Phases},
  journal =	 {The Journal of Physical Chemistry C},
  volume =	 114,
  pages =	 {22718-22726},
  year =	 2010,
  pdf =		 {[[file:bibtex-pdfs/conesa-2010-relev-disper.pdf]]},
  org-notes =
                  {[[file:~/Dropbox/bibliography/notes.org::conesa-2010-relev-disper]]},
  number =	 51,
  doi =		 {10.1021/jp109105g},
  url =		 {http://pubs.acs.org/doi/abs/10.1021/jp109105g},
  eprint =	 {http://pubs.acs.org/doi/pdf/10.1021/jp109105g},
}