@article{2-s2.0-77949916234,
    author = {Henry W. Pennline and Evan J. Granite and David R. Luebke and John R. Kitchin and James Landon and Lisa M. Weiland},
    title = {Separation of CO2 from flue gas using electrochemical cells},
    journal = {Fuel},
    volume = {89},
    number = {6},
    pages = {p. 1307-1314},
    year = {2010-06-01},
    doi = {10.1016/j.fuel.2009.11.036}
    }