@article{2-s2.0-84924130725,
    author = {Zhongnan Xu and Jan Rossmeisl and John R. Kitchin},
    title = {A linear response DFT+U study of trends in the oxygen evolution activity of transition metal rutile dioxides},
    journal = {Journal of Physical Chemistry C},
    volume = {119},
    number = {9},
    pages = {p. 4827-4833},
    year = {2015-01-01},
    doi = {10.1021/jp511426q}
    }