@article{2-s2.0-33750804660,
    author = {J.K. NÃ¸rskov and T. Bligaard and A. Logadottir and J.R. Kitchin and J.G. Chen and S. Pandelov and U. Stimming},
    title = {Response to "comment on 'trends in the exchange current for hydrogen evolution' [J. Electrochem. Soc., 152, J23 (2005)]"},
    journal = {Journal of the Electrochemical Society},
    volume = {153},
    number = {12},
    pages = {054612JES},
    year = {2006-11-14},
    doi = {10.1149/1.2358292}
    }