@article{2-s2.0-63649114440,
    author = {Jeong Woo Han and John R. Kitchin and David S. Sholl},
    title = {Step decoration of chiral metal surfaces},
    journal = {Journal of Chemical Physics},
    volume = {130},
    number = {12},
    pages = {124710},
    year = {2009-04-08},
    doi = {10.1063/1.3096964}
    }