@article{2-s2.0-79952860396,
    author = <Element '{http://www.elsevier.com/xml/svapi/abstract/dtd}authors' at 0x1044e7a50>,
    title = Configurational correlations in the coverage dependent adsorption energies of oxygen atoms on late transition metal fcc(111) surfaces,
    journal = Journal of Chemical Physics,
    volume = 134,
    number = (10),
    pages = 104709,
    year = 2011-03-14,
    doi = 10.1063/1.3561287
    }