@article{2-s2.0-84924911828,
    author = {Zhongnan Xu and John R. Kitchin},
    title = {Relationships between the surface electronic and chemical properties of doped 4d and 5d late transition metal dioxides},
    journal = {Journal of Chemical Physics},
    volume = {142},
    number = {10},
    pages = {104703},
    year = {2015-03-14},
    doi = {10.1063/1.4914093}
    }