@article{2-s2.0-84896380535,
    author = <Element '{http://www.elsevier.com/xml/svapi/abstract/dtd}authors' at 0x104f4ab50>,
    title = Identifying potential BO2 oxide polymorphs for epitaxial growth candidates,
    journal = ACS Applied Materials and Interfaces,
    volume = 6,
    number = (5),
    pages = p. 3630-3639,
    year = 2014-03-12,
    doi = 10.1021/am4059149
    }