@article{2-s2.0-2942640180,
    author = <Element '{http://www.elsevier.com/xml/svapi/abstract/dtd}authors' at 0x104b25e10>,
    title = Modification of the surface electronic and chemical properties of Pt(111) by subsurface 3d transition metals,
    journal = Journal of Chemical Physics,
    volume = 120,
    number = (21),
    pages = p. 10240-10246,
    year = 2004-06-01,
    doi = 10.1063/1.1737365
    }