@article{2-s2.0-84880986072,
    author = <Element '{http://www.elsevier.com/xml/svapi/abstract/dtd}authors' at 0x10424a110>,
    title = Comparisons of amine solvents for post-combustion CO2 capture: A multi-objective analysis approach,
    journal = International Journal of Greenhouse Gas Control,
    volume = 18,
    number = ,
    pages = p. 68-74,
    year = 2013-10-01,
    doi = 10.1016/j.ijggc.2013.06.020
    }