@article{2-s2.0-80051809046,
    author = {Isabela C. Man and Hai-Yan Su and Federico Calle-Vallejo and Heine A. Hansen and José I. Martínez and Nilay G. Inoglu and John Kitchin and Thomas F. Jaramillo and Jens K. Nørskov and Jan Rossmeisl},
    title = {Universality in Oxygen Evolution Electrocatalysis on Oxide Surfaces},
    journal = {ChemCatChem},
    volume = {3},
    number = {7},
    pages = {p. 1159-1165},
    year = {2011-07-11},
    doi = {10.1002/cctc.201000397}
    }