@article{2-s2.0-40949100780,
    author = {John R. Kitchin and Karsten Reuter and Matthias Scheffler},
    title = {Alloy surface segregation in reactive environments: First-principles atomistic thermodynamics study of Ag3 Pd(111) in oxygen atmospheres},
    journal = {Physical Review B - Condensed Matter and Materials Physics},
    volume = {77},
    number = {7},
    pages = {075437},
    year = {2008-02-29},
    doi = {10.1103/PhysRevB.77.075437}
    }