@article{2-s2.0-84930616647,
    author = {John R. Kitchin},
    title = {Examples of effective data sharing in scientific publishing},
    journal = {ACS Catalysis},
    volume = {5},
    number = {6},
    pages = {p. 3894-3899},
    year = {2015-06-05},
    doi = {10.1021/acscatal.5b00538}
    }