@article{2-s2.0-9744261716,
    author = <Element '{http://www.elsevier.com/xml/svapi/abstract/dtd}authors' at 0x104f32810>,
    title = Origin of the overpotential for oxygen reduction at a fuel-cell cathode,
    journal = Journal of Physical Chemistry B,
    volume = 108,
    number = (46),
    pages = p. 17886-17892,
    year = 2004-11-18,
    doi = 10.1021/jp047349j
    }