@article{2-s2.0-84946493176,
    author = {Jacob R. Boes and Peter Kondratyuk and Chunrong Yin and James B. Miller and Andrew J. Gellman and John R. Kitchin},
    title = {Core level shifts in Cu-Pd alloys as a function of bulk composition and structure},
    journal = {Surface Science},
    volume = {640},
    number = {},
    pages = {p. 127-132},
    year = {2015-01-01},
    doi = {10.1016/j.susc.2015.02.011}
    }