@article{2-s2.0-84867809683,
    author = {Anita S. Lee and John R. Kitchin},
    title = {Chemical and molecular descriptors for the reactivity of amines with CO 
                    2 },
    journal = {Industrial and Engineering Chemistry Research},
    volume = {51},
    number = {42},
    pages = {p. 13609-13618},
    year = {2012-10-24},
    doi = {10.1021/ie301419q}
    }