@article{2-s2.0-84898934670,
    author = {Ethan L. Demeter and Shayna L. Hilburg and Newell R. Washburn and Terrence J. Collins and John R. Kitchin},
    title = {Electrocatalytic oxygen evolution with an immobilized TAML activator},
    journal = {Journal of the American Chemical Society},
    volume = {136},
    number = {15},
    pages = {p. 5603-5606},
    year = {2014-04-16},
    doi = {10.1021/ja5015986}
    }