@article{2-s2.0-79953651013,
    author = <Element '{http://www.elsevier.com/xml/svapi/abstract/dtd}authors' at 0x104f253d0>,
    title = Identification of sulfur-tolerant bimetallic surfaces using dft parametrized models and atomistic thermodynamics,
    journal = ACS Catalysis,
    volume = 1,
    number = (4),
    pages = p. 399-407,
    year = 2011-04-01,
    doi = 10.1021/cs200039t
    }