@article{2-s2.0-20544467859,
    author = {John R. Kitchin and Jens K. NÃ¸rskov and Mark A. Barteau and Jingguang G. Chen},
    title = {Trends in the chemical properties of early transition metal carbide surfaces: A density functional study},
    journal = {Catalysis Today},
    volume = {105},
    number = {1 SPEC. ISS.},
    pages = {p. 66-73},
    year = {2005-07-15},
    doi = {10.1016/j.cattod.2005.04.008}
    }