@article{2-s2.0-15744396507,
    author = <Element '{http://www.elsevier.com/xml/svapi/abstract/dtd}authors' at 0x1044e0e10>,
    title = Trends in the exchange current for hydrogen evolution,
    journal = Journal of the Electrochemical Society,
    volume = 152,
    number = (3),
    pages = no pages found,
    year = 2005-04-07,
    doi = 10.1149/1.1856988
    }