@article{2-s2.0-73149124752,
    author = <Element '{http://www.elsevier.com/xml/svapi/abstract/dtd}authors' at 0x103daedd0>,
    title = Uncertainty and figure selection for DFT based cluster expansions for oxygen adsorption on Au and Pt (111) surfaces,
    journal = Molecular Simulation,
    volume = 35,
    number = (10-11),
    pages = p. 920-927,
    year = 2009-09-01,
    doi = 10.1080/08927020902833137
    }