@article{2-s2.0-3042820285,
    author = <Element '{http://www.elsevier.com/xml/svapi/abstract/dtd}authors' at 0x1044f2c10>,
    title = The role of adsorbate-adsorbate interactions in the rate controlling step and the most abundant reaction intermediate of NH 3 decomposition on RU,
    journal = Catalysis Letters,
    volume = 96,
    number = (1-2),
    pages = p. 13-22,
    year = 2004-07-01,
    doi = 10.1023/B:CATL.0000029523.22277.e1
    }