@article{2-s2.0-77956568341,
    author = {W. Richard Alesi Jr. and McMahan Gray and John R. Kitchin},
    title = {CO2 adsorption on supported molecular amidine systems on activated carbon},
    journal = {ChemSusChem},
    volume = {3},
    number = {8},
    pages = {p. 948-956},
    year = {2010-08-01},
    doi = {10.1002/cssc.201000056}
    }