@article{2-s2.0-0037197884,
    author = <Element '{http://www.elsevier.com/xml/svapi/abstract/dtd}authors' at 0x104264990>,
    title = H3PW12O40-functionalized tip for scanning tunneling microscopy,
    journal = Proceedings of the National Academy of Sciences of the United States of America,
    volume = 99,
    number = (SUPPL. 2),
    pages = p. 6471-6475,
    year = 2002-04-30,
    doi = 10.1073/pnas.072514399
    }