@article{2-s2.0-0037368024,
    author = <Element '{http://www.elsevier.com/xml/svapi/abstract/dtd}authors' at 0x104f2a890>,
    title = A comparison of gold and molybdenum nanoparticles on TiO2(1 1 0) 1 Ã— 2 reconstructed single crystal surfaces,
    journal = Surface Science,
    volume = 526,
    number = (3),
    pages = p. 323-331,
    year = 2003-03-01,
    doi = 10.1016/S0039-6028(02)02679-1
    }