@article{2-s2.0-0142023762,
    author = <Element '{http://www.elsevier.com/xml/svapi/abstract/dtd}authors' at 0x103e6e150>,
    title = A four-point probe correlation of oxygen sensitivity to changes in surface resistivity of TiO2(0 0 1) and Pd-modified TiO2(0 0 1),
    journal = Surface Science,
    volume = 545,
    number = (1-2),
    pages = no pages found,
    year = 2003-11-01,
    doi = 10.1016/j.susc.2003.08.041
    }