@article{2-s2.0-77956693843,
    author = {Nilay Ino«ßlu and John R. Kitchin},
    title = {Simple model explaining and predicting coverage-dependent atomic adsorption energies on transition metal surfaces},
    journal = {Physical Review B - Condensed Matter and Materials Physics},
    volume = {82},
    number = {4},
    pages = {045414},
    year = {2010-07-16},
    doi = {10.1103/PhysRevB.82.045414}
    }