@article{2-s2.0-84923164062,
    author = {Jacob R. Boes and Gamze Gumuslu and James B. Miller and Andrew J. Gellman and John R. Kitchin},
    title = {Estimating bulk-composition-dependent H2 adsorption energies on CuxPd1- x alloy (111) surfaces},
    journal = {ACS Catalysis},
    volume = {5},
    number = {2},
    pages = {p. 1020-1026},
    year = {2015-02-06},
    doi = {10.1021/cs501585k}
    }