@article{2-s2.0-84896759135,
    author = <Element '{http://www.elsevier.com/xml/svapi/abstract/dtd}authors' at 0x104f43310>,
    title = Probing the effect of electron donation on CO2 absorbing 1,2,3-triazolide ionic liquids,
    journal = RSC Advances,
    volume = 4,
    number = (25),
    pages = p. 12748-12755,
    year = 2014-03-17,
    doi = 10.1039/c3ra47097k
    }