@article{2-s2.0-84928975689,
    author = {G. Gumuslu and P. Kondratyuk and J.R. Boes and B. Morreale and J.B. Miller and J.R. Kitchin and A.J. Gellman},
    title = {Correlation of electronic structure with catalytic activity: H<inf>2</inf>-D<inf>2</inf> exchange across Cu<inf>x</inf>Pd<inf>1- x</inf> composition space},
    journal = {ACS Catalysis},
    volume = {5},
    number = {5},
    pages = {p. 3137-3147},
    year = {2015-05-01},
    doi = {10.1021/cs501586t}
    }