@article{2-s2.0-13444307808,
    author = <Element '{http://www.elsevier.com/xml/svapi/abstract/dtd}authors' at 0x103d36050>,
    title = Role of strain and ligand effects in the modification of the electronic and chemical Properties of bimetallic surfaces,
    journal = Physical Review Letters,
    volume = 93,
    number = (15),
    pages = no pages found,
    year = 2004-10-08,
    doi = 10.1103/PhysRevLett.93.156801
    }