@article{2-s2.0-84947716900,
    author = {John D. Watkins and Nicholas S. Siefert and Xu Zhou and Christina R. Myers and John R. Kitchin and David P. Hopkinson and Hunaid B. Nulwala},
    title = {Redox-Mediated Separation of Carbon Dioxide from Flue Gas},
    journal = {Energy and Fuels},
    volume = {29},
    number = {11},
    pages = {p. 7508-7515},
    year = {2015-11-19},
    doi = {10.1021/acs.energyfuels.5b01807}
    }