@article{2-s2.0-84930662492,
    author = <Element '{http://www.elsevier.com/xml/svapi/abstract/dtd}authors' at 0x104b27850>,
    title = Alkaline electrolyte and fe impurity effects on the performance and active-phase structure of niooh thin films for OER catalysis applications,
    journal = Journal of Physical Chemistry C,
    volume = 119,
    number = (21),
    pages = p. 11475-11481,
    year = 2015-05-28,
    doi = 10.1021/acs.jpcc.5b02458
    }