@article{2-s2.0-84927589996,
    author = <Element '{http://www.elsevier.com/xml/svapi/abstract/dtd}authors' at 0x1044eaf50>,
    title = Accurate electronic and chemical properties of 3d transition metal oxides using a calculated linear response U and a DFT + U (V) method,
    journal = Journal of Chemical Physics,
    volume = 142,
    number = (14),
    pages = 144701,
    year = 2015-01-01,
    doi = 10.1063/1.4916823
    }