@article{2-s2.0-73149109096,
    author = <Element '{http://www.elsevier.com/xml/svapi/abstract/dtd}authors' at 0x104237ad0>,
    title = Sulphur poisoning of water-gas shift catalysts: Site blocking and electronic structure modification,
    journal = Molecular Simulation,
    volume = 35,
    number = (10-11),
    pages = p. 936-941,
    year = 2009-09-01,
    doi = 10.1080/08927020902833129
    }