@article{2-s2.0-84951310415,
    author = <Element '{http://www.elsevier.com/xml/svapi/abstract/dtd}authors' at 0x1044ea090>,
    title = The role of vdW interactions in coverage dependent adsorption energies of atomic adsorbates on Pt(111) and Pd(111),
    journal = Surface Science,
    volume = None,
    number = ,
    pages = no pages found,
    year = 2015-01-01,
    doi = 10.1016/j.susc.2015.10.001
    }