@article{2-s2.0-84873706643,
    author = <Element '{http://www.elsevier.com/xml/svapi/abstract/dtd}authors' at 0x1044d52d0>,
    title = Interactions in 1-ethyl-3-methyl imidazolium tetracyanoborate ion pair: Spectroscopic and density functional study,
    journal = Journal of Molecular Structure,
    volume = 1038,
    number = ,
    pages = p. 12-18,
    year = 2013-04-24,
    doi = 10.1016/j.molstruc.2013.01.046
    }