@article{2-s2.0-80052944171,
    author = {Sneha A. Akhade and John R. Kitchin},
    title = {Effects of strain, d-band filling, and oxidation state on the bulk electronic structure of cubic 3d perovskites},
    journal = {Journal of Chemical Physics},
    volume = {135},
    number = {10},
    pages = {104702},
    year = {2011-09-14},
    doi = {10.1063/1.3631948}
    }