@article{2-s2.0-58649114498,
    author = <Element '{http://www.elsevier.com/xml/svapi/abstract/dtd}authors' at 0x1044de7d0>,
    title = Atomistic thermodynamics study of the adsorption and the effects of water-gas shift reactants on Cu catalysts under reaction conditions,
    journal = Journal of Catalysis,
    volume = 261,
    number = (2),
    pages = p. 188-194,
    year = 2009-01-25,
    doi = 10.1016/j.jcat.2008.11.020
    }