@article{2-s2.0-84901638552,
    author = {Zhongnan Xu and John R. Kitchin},
    title = {Relating the electronic structure and reactivity of the 3d transition metal monoxide surfaces},
    journal = {Catalysis Communications},
    volume = {52},
    number = {},
    pages = {p. 60-64},
    year = {2014-07-05},
    doi = {10.1016/j.catcom.2013.10.028}
    }