@article{2-s2.0-77954747189,
    author = <Element '{http://www.elsevier.com/xml/svapi/abstract/dtd}authors' at 0x104237f90>,
    title = Electrochemical concentration of carbon dioxide from an oxygen/carbon dioxide containing gas stream,
    journal = Journal of the Electrochemical Society,
    volume = 157,
    number = (8),
    pages = no pages found,
    year = 2010-07-23,
    doi = 10.1149/1.3432440
    }