@article{2-s2.0-84861127526,
    author = {W. Richard Alesi and John R. Kitchin},
    title = {Evaluation of a primary amine-functionalized ion-exchange resin for CO 
                    2 capture},
    journal = {Industrial and Engineering Chemistry Research},
    volume = {51},
    number = {19},
    pages = {p. 6907-6915},
    year = {2012-05-16},
    doi = {10.1021/ie300452c}
    }