@article{2-s2.0-84865730756,
    author = <Element '{http://www.elsevier.com/xml/svapi/abstract/dtd}authors' at 0x103d2de90>,
    title = Effects of strain, d-band filling, and oxidation state on the surface electronic structure and reactivity of 3d perovskite surfaces,
    journal = Journal of Chemical Physics,
    volume = 137,
    number = (8),
    pages = 084703,
    year = 2012-08-28,
    doi = 10.1063/1.4746117
    }