@article{2-s2.0-60849113132,
    author = <Element '{http://www.elsevier.com/xml/svapi/abstract/dtd}authors' at 0x103dbb1d0>,
    title = Relating the coverage dependence of oxygen adsorption on Au and Pt fcc(1 1 1) surfaces through adsorbate-induced surface electronic structure effects,
    journal = Surface Science,
    volume = 603,
    number = (5),
    pages = p. 794-801,
    year = 2009-03-01,
    doi = 10.1016/j.susc.2009.01.021
    }