@article{2-s2.0-72049114200,
    author = <Element '{http://www.elsevier.com/xml/svapi/abstract/dtd}authors' at 0x1044de910>,
    title = Hydrogen dissociation and spillover on individual isolated palladium atoms,
    journal = Physical Review Letters,
    volume = 103,
    number = (24),
    pages = 246102,
    year = 2009-12-10,
    doi = 10.1103/PhysRevLett.103.246102
    }