@article{2-s2.0-84930349644,
    author = {John R. Kitchin},
    title = {Data sharing in Surface Science},
    journal = {Surface Science},
    volume = {None},
    number = {},
    pages = {no pages found},
    year = {2015-03-17},
    doi = {10.1016/j.susc.2015.05.007}
    }