@article{2-s2.0-84908637059,
    author = {Zhongnan Xu and John R. Kitchin},
    title = {Probing the coverage dependence of site and adsorbate configurational correlations on (111) surfaces of late transition metals},
    journal = {Journal of Physical Chemistry C},
    volume = {118},
    number = {44},
    pages = {p. 25597-25602},
    year = {2014-01-01},
    doi = {10.1021/jp508805h}
    }