@article{2-s2.0-84946065058,
    author = {Zhongnan Xu and John R. Kitchin},
    title = {Tuning oxide activity through modification of the crystal and electronic structure: from strain to potential polymorphs},
    journal = {Physical Chemistry Chemical Physics},
    volume = {17},
    number = {43},
    pages = {p. 28943-28949},
    year = {2015-09-30},
    doi = {10.1039/c5cp04840k}
    }