@article{2-s2.0-84896585411,
    author = <Element '{http://www.elsevier.com/xml/svapi/abstract/dtd}authors' at 0x1044df990>,
    title = Simulating temperature programmed desorption of oxygen on Pt(111) using DFT derived coverage dependent desorption barriers,
    journal = Topics in Catalysis,
    volume = 57,
    number = (1-4),
    pages = p. 106-117,
    year = 2014-02-01,
    doi = 10.1007/s11244-013-0166-3
    }