@article{2-s2.0-0141924604,
    author = <Element '{http://www.elsevier.com/xml/svapi/abstract/dtd}authors' at 0x1044f36d0>,
    title = Elucidation of the active surface and origin of the weak metal-hydrogen bond on Ni/Pt(1 1 1) bimetallic surfaces: A surface science and density functional theory study,
    journal = Surface Science,
    volume = 544,
    number = (2-3),
    pages = p. 295-308,
    year = 2003-10-20,
    doi = 10.1016/j.susc.2003.09.007
    }