@article{2-s2.0-77955464573,
    author = <Element '{http://www.elsevier.com/xml/svapi/abstract/dtd}authors' at 0x104f25950>,
    title = New solid-state table: Estimating d-band characteristics for transition metal atoms,
    journal = Molecular Simulation,
    volume = 36,
    number = (7-8),
    pages = p. 633-638,
    year = 2010-06-01,
    doi = 10.1080/08927022.2010.481794
    }