@article{2-s2.0-84949115648,
    author = {Matthew T. Curnan and John R. Kitchin},
    title = {Effects of concentration, crystal structure, magnetism, and electronic structure method on first-principles oxygen vacancy formation energy trends in perovskites},
    journal = {Journal of Physical Chemistry C},
    volume = {118},
    number = {49},
    pages = {p. 28776-28790},
    year = {2014-12-11},
    doi = {None}
    }