@article{2-s2.0-67449106405,
    author = {John R. Kitchin},
    title = {Correlations in coverage-dependent atomic adsorption energies on Pd(111)},
    journal = {Physical Review B - Condensed Matter and Materials Physics},
    volume = {79},
    number = {20},
    pages = {205412},
    year = {2009-05-01},
    doi = {10.1103/PhysRevB.79.205412}
    }