@article{2-s2.0-84947220242,
    author = {Alexander P. Hallenbeck and Adefemi Egbebi and Kevin P. Resnik and David Hopkinson and Shelley L. Anna and John R. Kitchin},
    title = {Comparative microfluidic screening of amino acid salt solutions for post-combustion CO2 capture},
    journal = {International Journal of Greenhouse Gas Control},
    volume = {43},
    number = {},
    pages = {p. 189-197},
    year = {2015-12-01},
    doi = {10.1016/j.ijggc.2015.10.026}
    }