@article{2-s2.0-84881394200,
    author = <Element '{http://www.elsevier.com/xml/svapi/abstract/dtd}authors' at 0x10423c150>,
    title = Effects of O2 and SO2 on the capture capacity of a primary-amine based polymeric CO2 sorbent,
    journal = Industrial and Engineering Chemistry Research,
    volume = 52,
    number = (31),
    pages = p. 10788-10794,
    year = 2013-08-07,
    doi = 10.1021/ie400582a
    }