@article{2-s2.0-84876703352,
    author = <Element '{http://www.elsevier.com/xml/svapi/abstract/dtd}authors' at 0x104b1c710>,
    title = Number of outer electrons as descriptor for adsorption processes on transition metals and their oxides,
    journal = Chemical Science,
    volume = 4,
    number = (3),
    pages = p. 1245-1249,
    year = 2013-03-01,
    doi = 10.1039/c2sc21601a
    }