@article{2-s2.0-84866142469,
    author = <Element '{http://www.elsevier.com/xml/svapi/abstract/dtd}authors' at 0x104f12fd0>,
    title = Preface: Trends in computational catalysis,
    journal = Topics in Catalysis,
    volume = 55,
    number = (5-6),
    pages = p. 227-228,
    year = 2012-06-01,
    doi = 10.1007/s11244-012-9808-0
    }