@article{2-s2.0-84863684845,
    author = {Robin Chao and Ratiporn Munprom and Rumyana Petrova and Kirk Gerdes and John R. Kitchin and Paul A. Salvador},
    title = {Structure and relative thermal stability of mesoporous (La, Sr) MnO 3powders prepared using evaporation-induced self-assembly methods},
    journal = {Journal of the American Ceramic Society},
    volume = {95},
    number = {7},
    pages = {p. 2339-2346},
    year = {2012-07-01},
    doi = {10.1111/j.1551-2916.2012.05236.x}
    }