@article{2-s2.0-84864592302,
    author = {James Landon and Ethan Demeter and Nilay Inoǧlu and Chris Keturakis and Israel E. Wachs and Relja Vasić and Anatoly I. Frenkel and John R. Kitchin},
    title = {Spectroscopic characterization of mixed Fe-Ni oxide electrocatalysts for the oxygen evolution reaction in alkaline electrolytes},
    journal = {ACS Catalysis},
    volume = {2},
    number = {8},
    pages = {p. 1793-1801},
    year = {2012-08-03},
    doi = {10.1021/cs3002644}
    }