@article{2-s2.0-84864914806,
    author = {Edward S. Rubin and Hari Mantripragada and Aaron Marks and Peter Versteeg and John Kitchin},
    title = {The outlook for improved carbon capture technology},
    journal = {Progress in Energy and Combustion Science},
    volume = {38},
    number = {5},
    pages = {p. 630-671},
    year = {2012-10-01},
    doi = {10.1016/j.pecs.2012.03.003}
    }