@article{2-s2.0-84941248260,
    author = <Element '{http://www.elsevier.com/xml/svapi/abstract/dtd}authors' at 0x1044b7410>,
    title = Investigating the Energetic Ordering of Stable and Metastable TiO<inf>2</inf> Polymorphs Using DFT+U and Hybrid Functionals,
    journal = Journal of Physical Chemistry C,
    volume = 119,
    number = (36),
    pages = p. 21060-21071,
    year = 2015-09-10,
    doi = 10.1021/acs.jpcc.5b05338
    }