@article{akhade-2011-effec,
  author =	 {Akhade, Sneha A. and Kitchin, John R.},
  title =	 {Effects of Strain, d-Band Filling, and Oxidation State on the
Bulk Electronic Structure of Cubic 3d Perovskites},
  journal =	 {The Journal of Chemical Physics},
  volume =	 135,
  number =	 10,
  pages =	 104702-6,
  year =	 2011,
  url =          None,
  doi =		 {no-doi}
}
