@article{akhade-2012-effec,
  author =	 {Akhade, Sneha and Kitchin, John R.},
  title =	 {Effects of Strain, d-Band Filling, and Oxidation State on the
Surface Electronic Structure and Reactivity of 3d Perovskite
Surfaces},
  journal =	 {J. Chem. Phys.},
  volume =	 137,
  number =	 None,
  pages =	 084703,
  year =	 2012,
  url =          None,
  doi =		 {10.1063/1.4746117}
}
