@article{alesi-2012-evaluat-primar,
  author =	 {Alesi, W. Richard and Kitchin, John R.},
  title =	 {Evaluation of a Primary Amine-Functionalized Ion-Exchange
Resin for \ce{CO_2} Capture},
  journal =	 {Industrial \& Engineering Chemistry Research},
  volume =	 51,
  number =	 19,
  pages =	 6907-6915,
  year =	 2012,
  url =          None,
  doi =		 {10.1021/ie300452c}
}
