@article{alesi-2010-co2-adsor,
  author =	 {W. Richard Alesi and McMahan Gray and John R. Kitchin},
  title =	 {\ce{CO2} Adsorption on Supported Molecular Amidine Systems on
Activated Carbon},
  journal =	 {ChemSusChem},
  volume =	 3,
  number =	 8,
  pages =	 948-956,
  year =	 2010,
  url =          None,
  doi =		 {10.1002/cssc.201000056}
}
