@article{bligaard-2016-towar-bench,
  author =	 {Thomas Bligaard and R. Morris Bullock and Charles T. Campbell
and Jingguang G. Chen and Bruce C. Gates and Raymond J. Gorte
and Christopher W. Jones and William D. Jones and John R.
Kitchin and Susannah L. Scott},
  title =	 {Toward Benchmarking in Catalysis Science: Best Practices, Challenges, and Opportunities},
  journal =	 {ACS Catal.},
  volume =	 6,
  number =	 4,
  pages =	 2590-2602,
  year =	 2016,
  url =          None,
  doi =		 {10.1021/acscatal.6b00183}
}
