@article{boes-2015-core-cu,
  author =	 {Jacob R. Boes and Peter Kondratyuk and Chunrong Yin and James
B. Miller and Andrew J. Gellman and John R. Kitchin},
  title =	 {Core Level Shifts in {Cu-Pd} Alloys As a Function of Bulk
Composition and Structure},
  journal =	 {Surface Science},
  volume =	 640,
  number =	 None,
  pages =	 127-132,
  year =	 2015,
  url =          None,
  doi =		 {10.1016/j.susc.2015.02.011}
}
