@article{boes-2016-neural-reaxf,
  author =	 {Boes, Jacob R. and Groenenboom, Mitchell C. and Keith, John A.
and Kitchin, John R.},
  title =	 {Neural network and ReaxFF comparison for Au properties},
  journal =	 {International Journal of Quantum Chemistry},
  volume =	 116,
  number =	 13,
  pages =	 979-987,
  year =	 2016,
  url =          None,
  doi =		 {10.1002/qua.25115}
}
