@article{boes-2016-neural-networ,
  author =	 {Jacob R. Boes and Mitchell C. Groenenboom and John A. Keith
and John R. Kitchin},
  title =	 {Neural Network and Reaxff Comparison for {Au} Properties},
  journal =	 {Accepted 1/2016, Int. J. Quantum Chemistry},
  volume =	 None,
  number =	 None,
  pages =	 None,
  year =	 2016,
  url =          None,
  doi =		 {no-doi}
}
