@article{boes-2015-estim-bulk-si,
  author =	 {Jacob R. Boes and Gamze Gumuslu and James B. Miller and Andrew
J. Gellman and John R. Kitchin},
  title =	 {Supporting Information: Estimating Bulk-Composition-Dependent
\ce{H2} Adsorption Energies on \ce{Cu_{x}Pd_{1-x}} Alloy (111)
Surfaces},
  journal =	 {ACS Catalysis},
  volume =	 5,
  number =	 None,
  pages =	 1020-1026,
  year =	 2015,
  url =          None,
  doi =		 {10.1021/cs501585k}
}
