@article{calfa-2016-proper-predic,
  author =	 {Calfa, Bruno A. and Kitchin, John R.},
  title =	 {Property Prediction of Crystalline Solids From Composition and
Crystal Structure},
  journal =	 {AIChE Journal},
  volume =	 62,
  number =	 8,
  pages =	 2605-2613,
  year =	 2016,
  url =          None,
  doi =		 {10.1002/aic.15251}
}
