@article{calle-vallejo-2013-number,
  author =	 {Calle-Vallejo, Federico and Inoglu, Nilay G. and Su, Hai-Yan
and Martinez, Jose I. and Man, Isabela C. and Koper, Marc
T. M. and Kitchin, John R. and Rossmeisl, Jan},
  title =	 {Number of Outer Electrons As Descriptor for Adsorption
Processes on Transition Metals and Their Oxides},
  journal =	 {Chemical Science},
  volume =	 4,
  number =	 None,
  pages =	 1245-1249,
  year =	 2013,
  url =          None,
  doi =		 {10.1039/C2SC21601A}
}
