@article{chao-2011-prepar-mesop,
  author =	 {Chao, Robin and Kitchin, John and Gerdes, Kirk and Sabolsky, Edward and Salvador, Paul},
  title =	 {Preparation of Mesoporous \ce{La_{0.8}Sr_{0.2}MnO3}
Infiltrated Coatings in Porous {SOFC} Cathodes Using
Evaporation-Induced Self-Assembly Methods},
  journal =	 {ECS Transactions},
  volume =	 35,
  number =	 1,
  pages =	 2387-2399,
  year =	 2011,
  url =          None,
  doi =		 {10.1149/1.3570235}
}
