@article{chao-2012-struc-relat,
  author =	 {Chao, Robin and Munprom, Ratiporn and Petrova, Rumyana and
Gerdes, Kirk and Kitchin, John R. and Salvador, Paul A.},
  title =	 {Structure and Relative Thermal Stability of Mesoporous
({La},{Sr}){Mn}O$_3$ Powders Prepared Using
Evaporation-Induced Self-Assembly Methods},
  journal =	 {Journal of the American Ceramic Society},
  volume =	 None,
  number =	 None,
  pages =	 2339-2346,
  year =	 2012,
  url =          None,
  doi =		 {10.1111/j.1551-2916.2012.05236.x}
}
