@article{curnan-2014-effec-concen,
  author =	 {Curnan, Matthew T. and Kitchin, John R.},
  title =	 {Effects of Concentration, Crystal Structure, Magnetism, and
Electronic Structure Method on First-Principles Oxygen Vacancy
Formation Energy Trends in Perovskites},
  journal =	 {The Journal of Physical Chemistry C},
  volume =	 118,
  number =	 49,
  pages =	 28776-28790,
  year =	 2014,
  url =          None,
  doi =		 {10.1021/jp507957n}
}
