@article{curnan-2015-inves-energ,
  author =	 {Matthew Curnan and John R. Kitchin},
  title =	 {Investigating the Energetic Ordering of Stable and Metastable
TiO$_2$ Polymorphs Using DFT+U and Hybrid Functionals},
  journal =	 {The Journal of Physical Chemistry C},
  volume =	 119,
  number =	 None,
  pages =	 None,
  year =	 2015,
  url =          None,
  doi =		 {10.1021/acs.jpcc.5b05338}
}
