@article{demeter-2014-elect-oxygen,
  author =	 {Ethan L. Demeter and Shayna L. Hilburg and Newell R. Washburn
and Terrence J. Collins and John R. Kitchin},
  title =	 {Electrocatalytic Oxygen Evolution With an Immobilized {TAML}
Activator},
  journal =	 {J. Am. Chem. Soc.},
  volume =	 136,
  number =	 15,
  pages =	 5603-5606,
  year =	 2014,
  url =          None,
  doi =		 {10.1021/ja5015986}
}
