@article{deshpande16_quant_uncer_activ_volcan_relat,
  author =	 {Siddharth Deshpande and John R. Kitchin and Venkatasubramanian
Viswanathan},
  title =	 {Quantifying Uncertainty in Activity Volcano Relationships for
Oxygen Reduction Reaction},
  journal =	 {ACS Catalysis},
  volume =	 6,
  number =	 8,
  pages =	 5251-5259,
  year =	 2016,
  url =          None,
  doi =		 {10.1021/acscatal.6b00509}
}
