@article{gumuslu-2015-correl-elect,
  author =	 {G. Gumuslu and P. Kondratyuk and J. R. Boes and B. Morreale
and J. B. Miller and J. R. Kitchin and A. J. Gellman},
  title =	 {Correlation of Electronic Structure With Catalytic Activity:
\ce{H2}-\ce{D2} Exchange Across \ce{Cu_{x}Pd_{1-x}}
Composition Space},
  journal =	 {ACS Catalysis},
  volume =	 5,
  number =	 5,
  pages =	 3137-3147,
  year =	 2015,
  url =          None,
  doi =		 {10.1021/cs501586t}
}
