@article{hallenbeck-2015-compar-co2,
  author =	 {Alexander P. Hallenbeck and Adefemi Egbebi and Kevin P. Resnik
and David Hopkinson and Shelley L. Anna and John R. Kitchin},
  title =	 {Comparative Microfluidic Screening of Amino Acid Salt
Solutions for Post-Combustion \ce{CO2} Capture},
  journal =	 {International Journal of Greenhouse Gas Control},
  volume =	 43,
  number =	 None,
  pages =	 189 - 197,
  year =	 2015,
  url =          None,
  doi =		 {10.1016/j.ijggc.2015.10.026}
}
