@article{hallenbeck-2013-effec-o2,
  author =	 {Hallenbeck, Alexander P. and Kitchin, John R.},
  title =	 {Effects of \ce{O_2} and \ce{SO_2} on the Capture Capacity of a
Primary-Amine Based Polymeric \ce{CO_2} Sorbent},
  journal =	 {Industrial \& Engineering Chemistry Research},
  volume =	 52,
  number =	 31,
  pages =	 10788-10794,
  year =	 2013,
  url =          None,
  doi =		 {10.1021/ie400582a}
}
