@article{han-2009-step,
  author =	 {Han, J. W. and Kitchin, J. R. and Sholl, D. S.},
  title =	 {Step Decoration of Chiral Metal Surfaces},
  journal =	 {Journal of Chemical Physics},
  volume =	 130,
  number =	 12,
  pages =	 124710,
  year =	 2009,
  url =          None,
  doi =		 {10.1063/1.3096964}
}
