@article{inoglu-2010-new,
  author =	 {Nilay {\.I}no{\u{g}}lu and John R. Kitchin},
  title =	 {New Solid-State Table: Estimating {d}-Band Characteristics for
Transition Metal Atoms},
  journal =	 {Molecular Simulation},
  volume =	 36,
  number =	 7-8,
  pages =	 633-638,
  year =	 2010,
  url =          None,
  doi =		 {10.1080/08927022.2010.481794}
}
