@article{inoglu-2009-atomis-cu,
  author =	 {Inoglu, N. and Kitchin, J. R.},
  title =	 {Atomistic Thermodynamics Study of the Adsorption and the
Effects of Water-Gas Shift Reactants on Cu Catalysts Under
Reaction Conditions},
  journal =	 {Journal of Catalysis},
  volume =	 261,
  number =	 2,
  pages =	 188-194,
  year =	 2009,
  url =          None,
  doi =		 {10.1016/j.jcat.2008.11.020}
}
