@article{inoglu-2009-sulph,
  author =	 {Inoglu, N. and Kitchin, J. R.},
  title =	 {Sulphur Poisoning of Water-Gas Shift Catalysts: {S}ite
Blocking and Electronic Structure Modification},
  journal =	 {Molecular Simulation},
  volume =	 35,
  number =	 10-11,
  pages =	 936-941,
  year =	 2009,
  url =          None,
  doi =		 {10.1080/08927020902833129}
}
