@article{inoglu-2011-ident-sulfur,
  author =	 {Inoglu, Nilay and Kitchin, John R.},
  title =	 {Identification of Sulfur-Tolerant Bimetallic Surfaces Using
{DFT} Parametrized Models and Atomistic Thermodynamics},
  journal =	 {ACS Catalysis},
  volume =	 None,
  number =	 None,
  pages =	 399--407,
  year =	 2011,
  url =          None,
  doi =		 {10.1021/cs200039t}
}
