@article{inoglu-2010-simpl,
  author =	 {Inoglu, N. and Kitchin, J. R.},
  title =	 {Simple Model Explaining and Predicting Coverage-Dependent
Atomic Adsorption Energies on Transition Metal Surfaces},
  journal =	 {Physical Review B},
  volume =	 82,
  number =	 4,
  pages =	 045414,
  year =	 2010,
  url =          None,
  doi =		 {10.1103/PhysRevB.82.045414}
}
