@inbook{khan-2003-acs-sympos,
  author =	 {Khan, N. A. and  Kitchin, J. R. and  Schwartz, V. and  Murillo,  L. E. and  Bulanin,  K. M. and  Chen,  J. G.},
  title =	 {ACS Symposium Series, Nanotechnology in Catalysis},
  journal =	 {None},
  volume =	 II,
  number =	 None,
  pages =	 None,
  year =	 2003,
  url =          None,
  doi =		 {10.1007/978-1-4419-9048-8_2}
}
