@article{kitchin-2004-role,
  author =	 {Kitchin, J. R. and N{\o}rskov, J. K. and Barteau, M. A. and
Chen, J.  G.},
  title =	 {Role of Strain and Ligand Effects in the Modification of the
Electronic and Chemical Properties of Bimetallic Surfaces},
  journal =	 {Physical Review Letters},
  volume =	 93,
  number =	 15,
  pages =	 156801,
  year =	 2004,
  url =          None,
  doi =		 {10.1103/PhysRevLett.93.156801}
}
