@misc{kitchingroup-blog,
  author =	 {John Kitchin},
  title =	 {The Kitchin Research Group Blog},
  journal =	 {None},
  volume =	 None,
  number =	 None,
  pages =	 None,
  year =	 None,
  url =          None,
  doi =		 {no-doi}
}
