@phdthesis{kitchin-2004-tunin-the,
  author =	 {John R. Kitchin},
  title =	 {Tuning the electronic and chemical properties
of metals: bimetallics and transition metal
carbides},
  journal =	 {None},
  volume =	 None,
  number =	 None,
  pages =	 None,
  year =	 2004,
  url =          None,
  doi =		 {no-doi}
}
