@article{kitchin-2005-trend,
  author =	 {Kitchin, J. R. and N{\o}rskov, J. K. and Barteau, M. A. and
Chen, J.  G. G.},
  title =	 {Trends in the Chemical Properties of Early Transition Metal
Carbide Surfaces: {A} Density Functional Study},
  journal =	 {Catalysis Today},
  volume =	 105,
  number =	 1,
  pages =	 66-73,
  year =	 2005,
  url =          None,
  doi =		 {10.1016/j.cattod.2005.04.008}
}
