@article{kitchin-2016-high-throug,
  author =	 {John R. Kitchin and Andrew J. Gellman},
  title =	 {High-Throughput Methods Using Composition and Structure Spread
Libraries},
  journal =	 {AIChE Journal},
  volume =	 nil,
  number =	 nil,
  pages =	 nil,
  year =	 2016,
  url =          None,
  doi =		 {10.1002/aic.15294}
}
