@article{kitchin-2009-correl-pd,
  author =	 {Kitchin, J. R.},
  title =	 {Correlations in Coverage-Dependent Atomic Adsorption Energies
on {Pd}(111)},
  journal =	 {Physical Review B},
  volume =	 79,
  number =	 20,
  pages =	 205412,
  year =	 2009,
  url =          None,
  doi =		 {10.1103/PhysRevB.79.205412}
}
