@article{Kitchin2016,
  author =	 {Kitchin, John R. and Van Gulick, Ana E. and Zilinski, Lisa D.},
  title =	 {Automating data sharing through authoring tools},
  journal =	 {International Journal on Digital Libraries},
  volume =	 None,
  number =	 None,
  pages =	 1--6,
  year =	 2016,
  url =          None,
  doi =		 {10.1007/s00799-016-0173-7}
}
