@article{kitchin-2012-prefac,
  author =	 {Kitchin, John},
  title =	 {Preface: {T}rends in Computational Catalysis},
  journal =	 {Topics in Catalysis},
  volume =	 55,
  number =	 5,
  pages =	 227-228,
  year =	 2012,
  url =          None,
  doi =		 {10.1007/s11244-012-9808-0}
}
