@article{kitchin-2003-tio2,
  author =	 {Kitchin, J. R. and Barteau, M. A. and Chen, J. G. G.},
  title =	 {A Comparison of Gold and Molybdenum Nanoparticles on
\ce{TiO_2}(110) 1 $\times$ 2 Reconstructed Single Crystal
Surfaces},
  journal =	 {Surface Science},
  volume =	 526,
  number =	 3,
  pages =	 323-331,
  year =	 2003,
  url =          None,
  doi =		 {10.1016/s0039-6028(02)02679-1}
}
