@inbook{kitchin-2008-chemic-model,
  author =	 {Kitchin, J. R. and  Miller, S. D.  And  Sholl, D. S.},
  title =	 {Chemical Modelling},
  journal =	 {None},
  volume =	 None,
  number =	 None,
  pages =	 None,
  year =	 2008,
  url =          None,
  doi =		 {10.1039/B608782P}
}
