@article{kitchin-2008-alloy,
  author =	 {Kitchin, J. R. and Reuter, K. and Scheffler, M.},
  title =	 {Alloy Surface Segregation in Reactive Environments:
{F}irst-Principles Atomistic Thermodynamics Study of
\ce{Ag_3Pd}(111) in Oxygen Atmospheres},
  journal =	 {Physical Review B},
  volume =	 77,
  number =	 7,
  pages =	 075437,
  year =	 2008,
  url =          None,
  doi =		 {10.1103/PhysRevB.77.075437}
}
