@mastersthesis{kitchin-2002-molyb,
  author =	 {John R. Kitchin},
  title =	 {Molybdenum nanoclusters on titanium dioxide single crystal surfaces},
  journal =	 {None},
  volume =	 None,
  number =	 None,
  pages =	 None,
  year =	 2002,
  url =          None,
  doi =		 {no-doi}
}
