@article{kitchin-2015-data-surfac-scien,
  author =	 {John R. Kitchin},
  title =	 {Data Sharing in Surface Science},
  journal =	 {Surface Science},
  volume =	 N/A,
  number =	 None,
  pages =	 in press,
  year =	 2015,
  url =          None,
  doi =		 {10.1016/j.susc.2015.05.007}
}
