@article{kitchin-2003-elucid-ni,
  author =	 {Kitchin, J. R. and Khan, N. A. and Barteau, M. A. and Chen, J. G.  And Yakshinksiy, B. and Madey, T. E.},
  title =	 {Elucidation of the Active Surface and Origin of the Weak
Metal-Hydrogen Bond on {Ni}/{Pt}(111) Bimetallic Surfaces: {A}
Surface Science and Density Functional Theory Study},
  journal =	 {Surface Science},
  volume =	 544,
  number =	 2-3,
  pages =	 295-308,
  year =	 2003,
  url =          None,
  doi =		 {10.1016/j.susc.2003.09.007}
}
