@article{kitchin-2004-modif-pt,
  author =	 {Kitchin, J. R. and N{\o}rskov, J. K. and Barteau, M. A. and
Chen, J.  G.},
  title =	 {Modification of the Surface Electronic and Chemical Properties
of {Pt}(111) By Subsurface 3d Transition Metals},
  journal =	 {Journal of Chemical Physics},
  volume =	 120,
  number =	 21,
  pages =	 10240-10246,
  year =	 2004,
  url =          None,
  doi =		 {10.1063/1.1737365}
}
