@article{landon-2012-spect-charac,
  author =	 {James Landon and Ethan Demeter and Nilay {\.I}no{\u{g}}lu and
Chris Keturakis and Israel E. Wachs and Relja Vasi{\'c} and
Anatoly I. Frenkel and John R. Kitchin},
  title =	 {Spectroscopic Characterization of Mixed {Fe}-{Ni} Oxide
Electrocatalysts for the Oxygen Evolution Reaction in Alkaline
Electrolytes},
  journal =	 {ACS Catalysis},
  volume =	 2,
  number =	 8,
  pages =	 1793-1801,
  year =	 2012,
  url =          None,
  doi =		 {10.1021/cs3002644}
}
