@article{landon-2010-elect-concen,
  author =	 {Landon, J. and Kitchin, J. R.},
  title =	 {Electrochemical Concentration of Carbon Dioxide From an
Oxygen/carbon Dioxide Containing Gas Stream},
  journal =	 {Journal of the Electrochemical Society},
  volume =	 157,
  number =	 8,
  pages =	 B1149-B1153,
  year =	 2010,
  url =          None,
  doi =		 {10.1149/1.3432440}
}
