@article{lee-2013-compar-co2,
  author =	 {Anita S. Lee and John C. Eslick and David C. Miller and John
R. Kitchin},
  title =	 {Comparisons of Amine Solvents for Post-Combustion \ce{CO2}
Capture: A Multi-Objective Analysis Approach},
  journal =	 {International Journal of Greenhouse Gas Control},
  volume =	 18,
  number =	 None,
  pages =	 68-74,
  year =	 2013,
  url =          None,
  doi =		 {10.1016/j.ijggc.2013.06.020}
}
