@article{lee-2012-chemic-molec,
  author =	 {Lee, Anita S. and Kitchin, John R.},
  title =	 {Chemical and Molecular Descriptors for the Reactivity of
Amines With \ce{CO_2}},
  journal =	 {Industrial \& Engineering Chemistry Research},
  volume =	 51,
  number =	 42,
  pages =	 13609-13618,
  year =	 2012,
  url =          None,
  doi =		 {10.1021/ie301419q}
}
