@article{man-2011-univer-oxygen,
  author =	 {Man, I. C. and Su, H. Y. and Calle-Vallejo, F. and Hansen, H. A.  And Martinez, J. I. and Inoglu, N. G. and Kitchin, J. and Jaramillo, T. F. and N{\o}rskov, J. K. and Rossmeisl, J.},
  title =	 {Universality in Oxygen Evolution Electrocatalysis on Oxide
Surfaces},
  journal =	 {Chem{C}at{C}hem},
  volume =	 3,
  number =	 7,
  pages =	 1159-1165,
  year =	 2011,
  url =          None,
  doi =		 {10.1002/cctc.201000397}
}
