@article{mao-2013-inter,
  author =	 {Mao, James X. and Lee, Anita S. and Kitchin, John R. and
Nulwala, Hunaid B. and Luebke, David R. and Damodaran, Krishnan},
  title =	 {Interactions in 1-ethyl-3-methyl Imidazolium Tetracyanoborate
Ion Pair: {S}pectroscopic and Density Functional Study},
  journal =	 {Journal of Molecular Structure},
  volume =	 1038,
  number =	 0,
  pages =	 12-18,
  year =	 2013,
  url =          None,
  doi =		 {10.1016/j.molstruc.2013.01.046}
}
