@article{mccormick-2003-tio2-pd,
  author =	 {McCormick, J. R. and Kitchin, J. R. and Barteau, M. A. and
Chen, J. G.},
  title =	 {A Four-Point Probe Correlation of Oxygen Sensitivity To
Changes in Surface Resistivity of \ce{TiO_2}(001) and
{Pd}-modified \ce{TiO_2}(001)},
  journal =	 {Surface Science},
  volume =	 545,
  number =	 1-2,
  pages =	 L741-L746,
  year =	 2003,
  url =          None,
  doi =		 {10.1016/j.susc.2003.08.041}
}
