@article{mehta-2015-ident-poten,
  author =	 {Prateek Mehta and Paul A. Salvador and John R. Kitchin},
  title =	 {Identifying Potential \ce{BO2} Oxide Polymorphs for Epitaxial
Growth Candidates},
  journal =	 {ACS Appl. Mater. Interfaces},
  volume =	 6,
  number =	 5,
  pages =	 3630-3639,
  year =	 2015,
  url =          None,
  doi =		 {10.1021/am4059149}
}
