@article{mhadeshwar-2004-nh3-ru,
  author =	 {Mhadeshwar, A. B. and Kitchin, J. R. and Barteau, M. A. and
Vlachos, D. G.},
  title =	 {The Role of Adsorbate-Adsorbate Interactions in the Rate
Controlling Step and the Most Abundant Reaction Intermediate
of \ce{NH_3} Decomposition on {Ru}},
  journal =	 {Catalysis Letters},
  volume =	 96,
  number =	 1-2,
  pages =	 13-22,
  year =	 2004,
  url =          None,
  doi =		 {no-doi}
}
