@article{michael-2015-alkal-elect,
  author =	 {John D. Michael and Ethan L. Demeter and Steven M. Illes and
Qingqi Fan and Jacob R. Boes and John R. Kitchin},
  title =	 {Alkaline Electrolyte and Fe Impurity Effects on the
Performance and Active-Phase Structure of {NiOOH} Thin Films
for {OER} Catalysis Applications},
  journal =	 {J. Phys. Chem. C},
  volume =	 119,
  number =	 21,
  pages =	 11475-11481,
  year =	 2015,
  url =          None,
  doi =		 {10.1021/acs.jpcc.5b02458}
}
