@article{miller-2011-config,
  author =	 {Spencer D. Miller and Nilay Inoglu and John R. Kitchin},
  title =	 {Configurational Correlations in the Coverage Dependent
Adsorption Energies of Oxygen Atoms on Late Transition Metal
fcc(111) Surfaces},
  journal =	 {J. Chem. Phys.},
  volume =	 134,
  number =	 10,
  pages =	 104709,
  year =	 2011,
  url =          None,
  doi =		 {10.1063/1.3561287}
}
