@article{miller-2009-relat-cover,
  author =	 {Miller, Spencer D. and Kitchin, John R.},
  title =	 {Relating the Coverage Dependence of Oxygen Adsorption on {Au}
and {Pt} fcc(1 1 1) Surfaces Through Adsorbate-Induced Surface
Electronic Structure Effects},
  journal =	 {Surface Science},
  volume =	 603,
  number =	 5,
  pages =	 794-801,
  year =	 2009,
  url =          None,
  doi =		 {10.1016/j.susc.2009.01.021}
}
