@inbook{miller-2012-cover,
  author =	 {Spencer Miller and Carmeline Dsilva and John R. Kitchin},
  title =	 {Coverage dependent adsorption properties of atomic adsorbates
on late transition metal surfaces},
  journal =	 {None},
  volume =	 None,
  number =	 None,
  pages =	 83-115,
  year =	 2012,
  url =          None,
  doi =		 {10.1039/9781849734776-00083}
}
