@article{miller-2009-uncer-dft,
  author =	 {Spencer D. Miller and John R. Kitchin},
  title =	 {Uncertainty and Figure Selection for {DFT} Based Cluster
Expansions for Oxygen Adsorption on {Au} and {Pt} (111)
Surfaces},
  journal =	 {Molecular Simulation},
  volume =	 35,
  number =	 10-11,
  pages =	 920-927,
  year =	 2009,
  url =          None,
  doi =		 {10.1080/08927020902833137}
}
