@article{norskov-2004-origin,
  author =	 {N{\o}rskov, J. K. and Rossmeisl, J. and Logadottir, A. and
Lindqvist, L. and Kitchin, J. R. and Bligaard, T. and Jonsson, H.},
  title =	 {Origin of the Overpotential for Oxygen Reduction At a
Fuel-Cell Cathode},
  journal =	 {Journal of Physical Chemistry B},
  volume =	 108,
  number =	 46,
  pages =	 17886-17892,
  year =	 2004,
  url =          None,
  doi =		 {10.1021/jp047349j}
}
