@article{norskov-2005-trend,
  author =	 {N{\o}rskov, J. K. and Bligaard, T. and Logadottir, A. and
Kitchin, J.  R. and Chen, J. G. and Pandelov, S.},
  title =	 {Trends in the Exchange Current for Hydrogen Evolution},
  journal =	 {Journal of the Electrochemical Society},
  volume =	 152,
  number =	 3,
  pages =	 J23-J26,
  year =	 2005,
  url =          None,
  doi =		 {10.1149/1.1856988}
}
