@article{norskov-2006-respon,
  author =	 {N{\o}rskov, J. K. and Bligaard, T. and Logadottir, A. and
Kitchin, J.  R. and Chen, J. G. and Pandelov, S. and Stimming, U.},
  title =	 {Response To "comment on '{T}rends in the Exchange Current for
Hydrogen Evolution' {J. Electrochem. Soc., 152, J23 (2005)}"},
  journal =	 {Journal of the Electrochemical Society},
  volume =	 153,
  number =	 12,
  pages =	 L33-L33,
  year =	 2006,
  url =          None,
  doi =		 {10.1149/1.2358292}
}
