@misc{org-mode-awesome,
  author =	 {John Kitchin},
  title =	 {Org-mode is awesome},
  journal =	 {None},
  volume =	 None,
  number =	 None,
  pages =	 None,
  year =	 None,
  url =          None,
  doi =		 {no-doi}
}
