@misc{org-mode-emacs-python,
  author =	 {John Kitchin},
  title =	 {Emacs + org-mode + python in reproducible research},
  journal =	 {None},
  volume =	 None,
  number =	 None,
  pages =	 None,
  year =	 None,
  url =          None,
  doi =		 {no-doi}
}
