@misc{org-ref,
  author =	 {John Kitchin},
  title =	 {org-ref},
  journal =	 {None},
  volume =	 None,
  number =	 None,
  pages =	 None,
  year =	 None,
  url =          None,
  doi =		 {no-doi}
}
