@article{pennline-2010-separ-co2,
  author =	 {Henry W. Pennline and Evan J. Granite and David R. Luebke and
John R. Kitchin and James Landon and Lisa M. Weiland},
  title =	 {Separation of \ce{CO2} From Flue Gas Using Electrochemical
Cells},
  journal =	 {Fuel},
  volume =	 89,
  number =	 6,
  pages =	 1307-1314,
  year =	 2010,
  url =          None,
  doi =		 {10.1016/j.fuel.2009.11.036}
}
