@article{rubin-2012,
  author =	 {Rubin, Edward S. and Mantripragada, Hari and Marks, Aaron and
Versteeg, Peter and Kitchin, John},
  title =	 {The Outlook for Improved Carbon Capture Technology},
  journal =	 {Progress in Energy and Combustion Science},
  volume =	 38,
  number =	 None,
  pages =	 630-671,
  year =	 2012,
  url =          None,
  doi =		 {10.1016/j.pecs.2012.03.003}
}
