@article{shultz-1995-prepar-and,
  author =	 {Shultz, D. A. and Boal, A. K. and Driscoll, D. J. and Kitchin, J.  R. and Tew, G. N.},
  title =	 {Preparation and Characterization of a Bis-Semiquinone: {A}
Bidentate Dianion Biradical},
  journal =	 {Journal of Organic Chemistry},
  volume =	 60,
  number =	 12,
  pages =	 3578-3579,
  year =	 1995,
  url =          None,
  doi =		 {no-doi}
}
