@article{shultz-1997-prepar,
  author =	 {Shultz, D. A. and Boal, A. K. and Driscoll, D. J. and Farmer, G.  T. and Kitchin, J. R. and Miller, D. B. and Tew, G. N.},
  title =	 {Preparation of Paramagnetic Ligands for Coordination-Complexes
and Networks With Interesting Magnetic Properties},
  journal =	 {Molecular Crystals and Liquid Crystals Science and Technology
Section a-Molecular Crystals and Liquid Crystals},
  volume =	 305,
  number =	 None,
  pages =	 303-310,
  year =	 1997,
  url =          None,
  doi =		 {no-doi}
}
