@article{song-2002-h3pw1,
  author =	 {Song, I. K. and Kitchin, J. R. and Barteau, M. A.},
  title =	 {\ce{h_3pw_{12}o_{40}}-functionalized Tip for Scanning
Tunneling Microscopy},
  journal =	 {Proceedings of the National Academy of Sciences of the United
States of America},
  volume =	 99,
  number =	 None,
  pages =	 6471-6475,
  year =	 2002,
  url =          None,
  doi =		 {10.1073/pnas.072514399}
}
