@article{thirumalai-2015-pt-pd,
  author =	 {Hari Thirumalai and John R. Kitchin},
  title =	 {The Role of Vdw Interactions in Coverage Dependent Adsorption
Energies of Atomic Adsorbates on Pt(111) and Pd(111)},
  journal =	 {Surface Science},
  volume =	 None,
  number =	 None,
  pages =	 -,
  year =	 2015,
  url =          None,
  doi =		 {10.1016/j.susc.2015.10.001}
}
