@article{thompson-2014-co2-react,
  author =	 {Thompson, Robert L. and Albenze, Erik and Shi, Wei and
Hopkinson, David and Damodaran, Krishnan and Lee, Anita and
Kitchin, John and Luebke, David Richard and Nulwala, Hunaid},
  title =	 {\ce{CO2} Reactive Ionic Liquids: {E}ffects of Functional
Groups on the Anion and Its Influence on the Physical
Properties},
  journal =	 {RSC Adv.},
  volume =	 4,
  number =	 None,
  pages =	 12748-12755,
  year =	 2014,
  url =          None,
  doi =		 {10.1039/C3RA47097K}
}
