@article{tierney-2009-hydrog-dissoc,
  author =	 {Tierney, H. L. and Baber, A. E. and Kitchin, J. R. and Sykes, E.  C. H.},
  title =	 {Hydrogen Dissociation and Spillover on Individual Isolated
Palladium Atoms},
  journal =	 {Physical Review Letters},
  volume =	 103,
  number =	 24,
  pages =	 246102,
  year =	 2009,
  url =          None,
  doi =		 {10.1103/PhysRevLett.103.246102}
}
