@article{watkins-2015,
  author =	 {John Douglas Watkins and Nicholas Stephen Siefert and Xu Zhou
and Christina R. Myers and John R. Kitchin and David P.
Hopkinson and Hunaid B. Nulwala},
  title =	 {The Redox Mediated Separation of Carbon Dioxide From Flue Gas},
  journal =	 {Energy \& Fuels},
  volume =	 nil,
  number =	 nil,
  pages =	 151001141454005,
  year =	 2015,
  url =          None,
  doi =		 {10.1021/acs.energyfuels.5b01807}
}
