@article{xu-2014-relat,
  author =	 {Zhongnan Xu and John R. Kitchin},
  title =	 {Relating the Electronic Structure and Reactivity of the 3d
Transition Metal Monoxide Surfaces},
  journal =	 {Catalysis Communications},
  volume =	 52,
  number =	 None,
  pages =	 60-64,
  year =	 2014,
  url =          None,
  doi =		 {10.1016/j.catcom.2013.10.028}
}
