@article{xu-2015-accur-u,
  author =	 {Xu, Zhongnan and Joshi, Yogesh V. and Raman, Sumathy and
Kitchin, John R.},
  title =	 {Accurate Electronic and Chemical Properties of 3d Transition
Metal Oxides Using a Calculated Linear Response {U} and a {DFT
+ U(V)} Method},
  journal =	 {The Journal of Chemical Physics},
  volume =	 142,
  number =	 14,
  pages =	 144701,
  year =	 2015,
  url =          None,
  doi =		 {10.1063/1.4916823}
}
