@article{xu-2015-relat,
  author =	 {Zhongnan Xu and John R. Kitchin},
  title =	 {Relationships Between the Surface Electronic and Chemical
Properties of Doped 4d and 5d Late Transition Metal Dioxides},
  journal =	 {The Journal of Chemical Physics},
  volume =	 142,
  number =	 10,
  pages =	 104703,
  year =	 2015,
  url =          None,
  doi =		 {10.1063/1.4914093}
}
