@article{xu-2015-tunin-oxide,
  author =	 {Zhongnan Xu and John R Kitchin},
  title =	 {Tuning Oxide Activity Through Modification of the Crystal and
Electronic Structure: From Strain To Potential Polymorphs},
  journal =	 {Phys. Chem. Chem. Phys.},
  volume =	 17,
  number =	 None,
  pages =	 28943-28949,
  year =	 2015,
  url =          None,
  doi =		 {10.1039/c5cp04840k}
}
