@article{xu-2014-probin-cover,
  author =	 {Zhongnan Xu and John R. Kitchin},
  title =	 {Probing the Coverage Dependence of Site and Adsorbate
Configurational Correlations on (111) Surfaces of Late
Transition Metals},
  journal =	 {J. Phys. Chem. C},
  volume =	 118,
  number =	 44,
  pages =	 25597-25602,
  year =	 2014,
  url =          None,
  doi =		 {10.1021/jp508805h}
}
