@misc{xu-suppor,
  author =	 {Zhongnan Xu and Jan Rossmeisl and John R. Kitchin},
  title =	 {Supporting data for: A linear response, {DFT+U} study of trends
in the oxygen evolution activity of transition metal rutile
dioxides. doi:10.5281/zenodo.12635},
  journal =	 {None},
  volume =	 None,
  number =	 None,
  pages =	 None,
  year =	 2015,
  url =          None,
  doi =		 {10.5281/zenodo.12635}
}
